2084 3556
117 60 174 180 ee·
245 102 804 184 udumntortrrcrs:
862 111 991 206 captu

113 263 249 341 guntur.
275 251 345 320 Aut
353 249 436 319 enim
448 270 548 322 arcam
563 240 779 321 recondidisset
796 266 868 319 ante
884 249 1005 322 urbem
1029 248 1040 290 ²⁴

121 366 241 442 captam
251 365 304 418 aut
312 346 392 444 post.
421 354 500 420 Non
510 368 614 425 antea,
634 347 720 420 Nam
740 347 919 443 priusquam
932 355 1006 423 Na-

117 444 367 521 burhodonosor
374 449 474 545 prims
482 447 650 521 obsidione
659 449 771 519 urbem
779 449 894 530 cinxit,
914 450 1005 547 Jete·

118 547 195 616 mias
204 545 236 615 in
247 549 388 619 martimo
398 547 460 620 suit
468 548 546 620 odio
555 546 782 642 Prophetarum
793 567 888 639 atque
904 550 1004 620 sacer-

117 643 256 731 dotum,
281 648 487 742 usqueadeo,
512 651 671 720 uterimen
681 650 713 718 in
725 670 800 718 eum
814 649 1004 739 capitalein·

118 764 271 817 tentarent
279 749 352 821 saesae
365 748 555 843 Maiestatis,
581 744 671 843 quod
684 748 797 819 diceret
814 745 929 816 urbem
949 774 1003 819 va·

117 841 466 921 statumiriucdomum
478 851 542 922 Dei
560 846 698 920 fututam
716 846 827 918 Silunti
843 844 998 929 similem,

118 943 175 1015 nisi
185 947 420 1042 ipsossceserum
431 952 559 1021 suorum
569 950 787 1043 poeniteret.1n
797 945 1001 1018 eodemodio

118 1042 179 1116 suit
196 1045 448 1120 sacerdotibus&
471 1047 647 1140 Prophetis,
674 1053 707 1116 δι
723 1046 855 1138 Principi
872 1068 956 1116 anno
964 1073 999 1140 4.

123 1144 289 1233 [oachimh
324 1141 998 1240 usqueadeouttumincustodiafucritcer·

119 1243 152 1312 ῑὲ
165 1241 325 1326 detentus,
353 1272 393 1316 ne
408 1245 616 1342 ingrederetur
632 1247 810 1338 tempium·
826 1269 890 1338 cap.
903 1256 957 1336 36.
969 1271 996 1334 ς.

120 1368 214 1436 quote
224 1341 306 1415 misit
319 1348 493 1429 Breucum,
521 1348 577 1440 qui
587 1341 831 1439 verbaabipsrus
846 1365 997 1414 oreexce·

121 1463 172 1533 pta
182 1445 331 1538 legeretin
340 1445 443 1517 domo
454 1448 534 1526 Dei,
561 1470 666 1516 coram
684 1447 822 1538 populu,
850 1463 945 1535 atque
963 1467 996 1514 ea

95 1541 216 1638 ‚verba
225 1543 632 1636 tantopereinflammarunt
641 1543 752 1613 odium
762 1545 932 1636 Principis,
961 1564 997 1614 ut

117 1637 177 1711 nisi
190 1642 366 1734 Principum
376 1643 542 1715 confisiose
560 1640 776 1721 abscondisset,
803 1661 897 1732 atque
914 1641 997 1713 adeo
1034 1710 1040 1729 ,

120 1739 324 1817 abscondisset
334 1769 406 1815 eum
419 1741 561 1842 jehova,
586 1744 757 1839 periculum
775 1743 878 1835 capitis
894 1741 996 1812 aditu·

119 1838 423 1915 russuissevideatur.
455 1842 600 1917 Zedekiae
618 1863 780 1936 tempore,
809 1840 996 1936 eumtinge·

118 1943 285 2014 retururbs
301 1943 488 2028 obsidione,
515 1952 624 2035 Atque
640 1943 780 2012 Chaldaei
798 1937 996 2012 abduxissent

117 2045 237 2133 copiam
275 2067 312 2117 ut
329 2068 528 2117 occurrerent
557 2045 717 2138 AEgyptiis
739 2041 884 2112 Zedeltiae
901 2063 994 2133 opem

117 2143 241 2220 saturis,
276 2148 360 2214 exire
376 2149 476 2216 vosuit
493 2141 743 2235 Hierosolymis,
780 2147 813 2210 de
830 2142 873 2211 ite
893 2143 993 2210 inter-

115 2262 185 2307 ram
196 2239 357 2327 Beniamin
370 2271 378 2311 ε
391 2267 498 2313 verum
508 2245 539 2311 in
549 2246 608 2336 ipsi
619 2241 707 2333 porti
716 2237 898 2332 oppressuri
910 2263 992 2332 quo·

112 2336 193 2406 dam
204 2340 374 2421 Praefedim
410 2341 549 2433 atqueed
567 2338 719 2408 calumnii
735 2361 878 2423 vexatus,
904 2338 994 2429 quod

113 2433 154 2505 nd
165 2437 332 2508 Chasdaeos
345 2438 534 2519 descisceret,
559 2437 631 2509 inde
644 2440 675 2506 in
692 2436 867 2508 custodiam
887 2435 992 2523 conje-

114 2537 203 2614 ἕως,
229 2536 991 2632 &ineadetentussuittntotemporeobsidionis,

114 2635 261 2729 usquead
271 2639 434 2707 eumdiem
446 2663 513 2728 quo
523 2637 594 2706 urbs
605 2657 690 2730 copta
710 2637 765 2708 est.
791 2641 867 2730 Cap.
881 2646 938 2723 36.
955 2647 991 2715 (sy

117 2760 169 2829 37·
205 2742 284 2808 Non
304 2740 333 2806 in
354 2739 415 2830 ipsa
433 2739 517 2806 urbis
528 2736 759 2828 direptioneaut
768 2735 890 2829 postea,
918 2739 991 2827 quin

58 2918 61 2924 ι
114 2855 186 2906 tum
199 2839 365 2910 invincusis
375 2838 466 2905 etiam
479 2835 619 2906 detentus
627 2835 769 2917 est,cum
780 2839 898 2926 reliqua
909 2838 992 2904 mus-

112 2935 268 3014 titudine‚
295 2936 509 3008 dnnecani
530 2931 713 3005 remissusad
731 2934 916 3015 chnsinm,
943 2959 990 3001 re·

114 3041 451 3129 verteretursissizpam,
479 3033 604 3117 Deinde
615 3058 679 3102 non
691 3030 992 3127 permiffurifuiffent

96 3129 369 3224 ,liocsacerdotm
398 3135 631 3233 utJeremiasex
650 3133 992 3232 temploquaedamex·

845 3253 991 3326 eniteret,
