2084 3556
58 78 219 207 'capum
285 97 774 174 nenrnrrornncm
869 100 935 197 ἰη

61 240 245 339 presbyter,
269 237 384 331 quisue
402 260 497 309 manu
515 240 683 310 maximam
699 256 817 332 partem
835 236 934 309 libro-

65 362 143 411 rum
154 334 478 434 Origenisdescripfit,
504 335 623 432 quosse
640 334 770 409 thesauri
787 341 860 409 loco
877 359 936 407 co·

64 438 130 507 lere
138 439 285 508 Eusebius
300 431 408 509 asserit.
435 438 561 509 Multos
574 432 696 507 codices
711 436 837 507 subinde
854 459 936 531 pre-

69 536 213 629 parabat,
237 557 284 615 ut,
308 560 381 606 cum
399 535 556 609 necessitas
579 532 734 630 posceret,
760 534 936 617 volentibus

58 634 238 729 largiretur.
264 642 405 705 Euzo'r'us
419 633 500 727 apud
519 630 718 729 Tbespesrum
736 624 933 718 Rhetorenr,

63 756 143 803 rum
162 734 326 828 Gregorio
340 734 544 805 Nazianzeno
560 732 733 826 Episcopo,
750 732 935 825 plurimola·

66 830 145 903 bore
161 833 323 926 collapsam
339 828 560 901 bibliothecam
578 830 725 925 origenis
740 826 937 924 &Pamphili

61 930 100 1001 in
120 929 309 1023 membranis
326 923 626 1003 instaurareconatus
639 926 694 999 est.
719 932 783 1002 Hic
791 926 830 999 ad
839 946 938 998 extre·

64 1050 181 1110 mum,
199 1028 255 1098 sub
271 1024 457 1101 Theodosio
483 1028 651 1125 Principe,
675 1025 808 1100 Ecclesrd
822 1023 938 1121 pulsus,

58 1128 190 1196 multos
203 1122 265 1221 ipse
273 1126 706 1224 traeatuscmscripfit,henc
716 1123 939 1201 bibliothecam

66 1220 147 1317 saepe
155 1226 309 1299 consuluit
323 1230 543 1323 Hieronymus
559 1231 592 1299 in
609 1224 827 1299 emendatione
842 1225 940 1297 libro·

68 1345 143 1393 rurn
156 1324 385 1419 V.T.viditque
402 1328 482 1399 incl
493 1328 702 1424 Euangelium
712 1323 859 1399 Matthaei
871 1327 942 1397 He·

71 1421 221 1495 braicum.
233 1427 479 1499 Hierer.devirir
485 1424 705 1519 lusenbach
711 1430 802 1497 catal.
805 1425 943 1523 scriptor.

68 1519 941 1624 Ecrlrfir'naepologr‘ricorrrraRufinum.corrrral'claeg.sr'b·3.

59 1627 202 1788 -r'ncppur
222 1645 252 1712 3.
269 1624 363 1797 Epis?
380 1626 422 1741 ad
436 1630 553 1700 Dium.
569 1627 945 1797 Perfara'nlpsarrleppr.

152 1741 173 1789 u

69 1725 948 1926 airculiiiffl{ii⁰ii1iis‘'{iiis⁰c‘niiiiiri⁰

69 1912 149 1983 culn
161 1936 224 1989 tam
239 1943 335 2013 pauca
350 1923 441 1993 nobis
456 1923 562 2017 scripta
578 1917 726 2014 supersint
741 1919 754 1988 3
789 1917 949 1992 Videntur

69 2009 212 2106 plerique
220 2018 345 2087 illorum
354 2038 533 2110 temporum
542 2017 645 2089 fideles
653 2016 721 2087 satis
731 2010 884 2101 babuilie,
908 2013 949 2087 fi-

68 2104 146 2180 dem
157 2110 255 2196 liram,
264 2115 386 2211 fulgore
397 2120 468 2187 vitae
475 2113 950 2211 inculpatae,&sanguine,quenr

55 2248 131 2321 ,ρω
148 2212 278 2286 Christo
295 2210 538 2289 constantiffine
555 2212 772 2295 effundebant,
800 2210 949 2287 inhomi-

71 2344 156 2393 num
166 2312 314 2386 cordibus
330 2314 488 2387 inscribere
504 2340 514 2396 ς
541 2314 673 2388 delibris
689 2312 768 2387 uerd
786 2312 951 2407 scribendis

55 2442 185 2516 ,parurn
199 2409 359 2485 laborasse:
385 2412 482 2488 seuut
497 2418 625 2513 placeret
640 2464 652 2499 ‚
678 2412 948 2487 Christianismum

57 2522 145 2592 uitae
154 2514 348 2599 innocentii,
358 2539 549 2611 morumque
560 2514 719 2589 honestate
729 2512 833 2611 potiirs
847 2516 946 2608 quim

56 2614 862 2714 -pigmentisoraroriispropagari&retinerideberer
886 2610 948 2683 srue

74 2714 299 2815 pereonrinuas
306 2717 423 2808 quibus
436 2714 662 2790 afflictabantur
669 2716 864 2793 calamitates,
878 2704 950 2803 ipfir

73 2838 143 2889 non
161 2816 263 2884 liceret
281 2817 423 2887 animum
442 2815 522 2891 adid
538 2817 703 2912 appellere3
730 2820 793 2883 Seu
801 2812 948 2904 quapiam

56 2910 300 2987 colubrariae
314 2913 473 2989 scribendo
483 2915 707 2995 deterrerentur
726 2914 775 2983 uel
785 2930 949 2981 avocaren-

56 3017 332 3106 annueruntque
349 3010 409 3098 sit,
434 3032 554 3087 eertum
573 3011 637 3095 est,
662 3012 794 3106 exeeptis
808 3006 949 3103 Aposto-

56 3114 181 3218 „urum
195 3108 528 3216 (aeserunium,
553 3132 739 3211 russos
765 3109 873 3207 pann
888 3106 951 3180 istis

79 3234 82 3239 ’
118 3272 121 3277 ·
825 3227 951 3307 tempo:
