2084 3556
85 107 236 206 capxn.
312 50 810 186 uantnntotuucts.
896 99 1014 210 ,aa

87 250 211 319 niatum
228 249 341 345 Regis,
358 250 419 319 hoc
435 265 635 320 commentus
644 243 711 317 este
734 253 762 315 'E
776 247 973 340 plumbeo-²

87 348 214 429 bulum,
231 349 355 420 Cataldi
372 351 501 418 nomine
517 347 691 416 clanculum
707 346 968 444 ascinicriptam‚

87 443 171 517 haud
185 451 323 518 Tarento
332 450 443 542 procul,
456 449 487 517 in
498 445 606 517 sacetlo
616 443 793 517 semidicuto
799 447 856 519 tub
866 451 967 542 patie-

86 564 151 616 tcm
161 550 318 628 occuluit,
333 570 429 641 quam
438 547 572 617 triennio
580 541 651 640 post
659 542 824 617 eruendam
832 550 965 633 curavit,

88 664 238 737 corrupto
256 645 430 730 sacerdote,
446 648 504 738 qui
521 642 650 728 diceret,
666 644 700 714 in
712 642 828 716 somnis
843 643 964 719 astitiss'e

87 742 145 816 fibi
168 744 365 829 Cataldum,
389 743 614 815 monstrantem
639 766 707 837 quo
725 744 757 814 in
773 744 962 819 tocotabetla

86 837 160 912 effct
169 842 290 926 abdita,
302 859 622 935 commonentemque
631 864 667 913 ut
676 865 748 913 cum
757 844 876 936 populo
885 840 962 940 sup·

88 944 184 1037 plice,
201 944 397 1036 collegioque
411 938 605 1015 sacerdotum
622 943 680 1013 iret
697 939 737 1012 ad
750 937 961 1018 effodiendam

87 1042 192 1121 illam,
205 1042 514 1137 eamquead-chem
523 1038 723 1113 deferendam
733 1060 872 1126 curaret,
896 1048 959 1117 &a

87 1142 242 1229 Scriptum
259 1139 337 1210 veto
350 1141 469 1235 ipsum,
496 1164 549 1234 per
564 1139 706 1233 ambages
722 1137 895 1233 quasdam,
919 1136 963 1213 εὸ

88 1238 259 1330 spectabat,
283 1259 318 1310 ut
334 1237 514 1330 Judaeorum
531 1239 749 1309 exterminatio
766 1236 963 1315 indicaretur.

88 1342 165 1409 Rex
182 1339 305 1432 accepti
324 1341 428 1411 tabula
445 1333 645 1434 deprehendit
661 1335 821 1425 fraudem,
847 1344 879 1409 δι
896 1363 962 1413 tem

87 1433 183 1526 ipsam
208 1437 331 1510 summai
352 1439 431 1509 cum'
446 1439 649 1509 taciturnitate
664 1429 877 1513 dissimulavit.
913 1444 963 1513 Ae

88 1539 282 1621 Franciicus,
298 1562 331 1607 re
349 1530 492 1636 cogniti,
511 1534 757 1633 sutotepercitus
768 1587 777 1624 ,
788 1537 879 1634 quod
891 1542 971 1610 tan.'

88 1632 158 1706 t'um
175 1657 393 1710 commentum
410 1633 519 1710 falsum
530 1661 605 1710 eum
616 1632 792 1720 habuisset,
817 1662 884 1709 non
901 1662 962 1734 po.

42 1752 45 1759 ’
79 1737 183 1829 apulo,
210 1761 276 1806 non
297 1739 400 1834 Regi,
414 1738 469 1809 uix
485 1731 540 1830 ipsi
560 1737 961 1833 Cataidoi'npublicisprae-

55 1861 72 1897 .·
86 1830 293 1904 ditationibus
301 1839 456 1929 pepercit,
471 1838 504 1904 in
520 1855 707 1925 tantumque
717 1831 898 1918 incanduit,
924 1857 963 1912 ut

86 1930 175 2001 Italia
184 1930 401 2013 fermeomnis‚
410 1933 535 2027 ipseque
543 1933 681 2024 inprimis
689 1936 793 2026 Rom.
802 1930 959 2018 Pontifex,
976 1979 985 1997 .

86 2027 128 2098 de
142 2029 253 2100 tabulae
270 2025 363 2118 hujus
378 2031 558 2098 inventione
575 2028 668 2098 fuerit
682 2029 836 2102 soliicitut.
869 2024 959 2104 Talia

87 2128 186 2208 oiim,
202 2128 258 2198 iub
274 2131 401 2221 Papatus
415 2128 564 2204 tenebris,
586 2125 814 2217 monachorum
832 2126 960 2203 fuerunt

85 2233 289 2308 commenta,
304 2228 335 2297 in
352 2227 466 2318 quibus
485 2228 638 2298 Diabolus
652 2225 782 2300 eandem
799 2227 958 2315 fabulam,

86 2349 185 2419 quam
202 2328 280 2396 olim
293 2329 372 2399 inter
389 2327 545 2406 ethnicos,
573 2329 635 2421 egit
653 2351 663 2396 t
692 2325 790 2401 fimile
808 2332 891 2402 enim
911 2329 958 2404 est

84 2423 177 2520 qnod
187 2444 288 2497 narrat
298 2427 453 2498 Pausanias
462 2429 494 2496 in
505 2430 690 2523 Mesfemct‘s,
705 2434 851 2514 &exeo,
879 2435 957 2502 Peu-

85 2526 516 2625 cetusdedtvinat.paeg.456.
544 2530 792 2622 deEpitele,qui
802 2534 832 2601 in
843 2528 958 2601 somno

88 2625 229 2695 monitus
237 2622 297 2709 est,
320 2630 395 2698 utin
412 2650 497 2697 cerco
513 2628 735 2711 Ithonaeloco,
753 2633 832 2701 inter
847 2648 956 2703 taxum

87 2728 122 2790 δι
142 2744 305 2819 myrtum,
325 2747 402 2798 terra
416 2722 542 2808 effoss'ti,
559 2748 653 2797 annm
673 2729 839 2809 liberaret,
865 2744 956 2818 qua,

87 2843 176 2890 aeneo
198 2825 308 2894 inclusa
332 2823 490 2906 thalamo,
504 2824 568 2915 jam
588 2823 666 2919 pene
680 2831 787 2897 animo
802 2823 955 2898 deficeret.

88 2923 176 3013 Cum
187 2918 328 2993 illuxiffet
340 2926 425 3004 dies,
441 2926 572 2995 iuvenco
582 2927 673 3007 ioco,
689 2946 828 3014 terraque
836 2923 953 3017 egestd,

71 3020 118 3092 ‘iti
138 3015 247 3087 urnam
267 3021 375 3091 incidit
395 3046 537 3106 aeneam,
559 3022 647 3112 cujus
663 3025 812 3118 operculo
828 3034 959 3109 amoto,

84 3113 277 3200 tenuiffimas
291 3120 351 3219 aibi
367 3121 489 3217 plumbi
506 3120 634 3197 laminas
640 3145 651 3204 3
668 3124 702 3196 in
712 3122 806 3196 libelli
820 3119 963 3194 formam

84 3225 89 3235 '
893 3234 1005 3294 cmxxx·⁸
