2084 3556
70 93 230 196 ΜΠ.
304 93 360 160 οε
384 87 805 171 munorstams.
844 64 848 81 “
877 40 967 189 ψ’

30 283 44 328 t
65 239 139 315 inde
156 230 332 309 reviviscens
351 280 363 316 ,
388 229 496 302 subtile
511 231 603 304 suum
621 231 779 304 cerebrum
796 228 939 305 excuffit.

67 349 106 415 Ρ.
114 338 234 441 Jovius
246 345 278 406 vir
287 338 316 404 E
318 336 390 504 [ἕξω
399 336 488 402 Steti.

121 437 266 509 Aurelius
279 439 328 506 Ca
365 430 482 503 odorus
499 428 730 502 Mouasterium
743 429 938 516 vivariense,

71 536 134 615 five
142 534 319 608 Castelleuse
328 528 524 614 construxit,
540 527 940 623 ubi,-velutinporrures1-

71 636 166 719 dms,
183 631 252 732 post
261 629 457 726 naufragium
469 635 598 723 Regum
606 628 832 711 Gothorum,
856 653 941 726 quo-

72 760 144 811 rum
162 756 254 828 regna
268 729 416 802 Praetorial
435 727 619 805 Praesefiurl
636 747 782 812 curarat,
808 734 882 798 Deo
906 737 941 811 lt

73 834 166 917 literis
181 852 315 912 vacans,
339 830 497 919 reliquum
513 830 584 898 vitae
601 849 740 922 tempus,
759 823 798 896 ad
815 829 941 898 obitum

74 934 190 1027 usque,
209 929 332 1017 semper
348 931 485 1020 aliquem
502 922 678 998 fertilissimi
694 925 807 1021 ingenii
817 947 942 1019 partum
1010 928 1013 935 ’

75 1034 190 1113 edens,
204 1023 534 1109 effoetamlieetannis,
551 1023 731 1098 foecundam
748 1024 891 1119 frugibus
898 1025 943 1095 se-

74 1131 235 1204 nesiutem
249 1127 391 1206 ducebatr
404 1123 522 1197 ibidem
539 1129 691 1224 egregiam
701 1122 943 1209 bibliothecam,

76 1233 175 1302 vitam
193 1225 395 1298 monasticam
410 1227 620 1296 excolentibus
644 1225 803 1296 constituit
822 1275 833 1306 ‚
858 1232 945 1316 cujus

76 1331 170 1402 etiam
185 1328 329 1398 meminit
344 1329 377 1397 in
394 1321 569 1421 praesatione
585 1327 628 1397 sui
637 1326 707 1397 libri
715 1323 756 1396 de
763 1322 944 1421 Orthogrt·

78 1426 165 1530 phis.
179 1438 258 1498 item
267 1431 382 1498 Baton.
392 1424 513 1499 adam
528 1439 692 1515 murrum.
710 1450 758 1496 η.
769 1428 895 1520 &seqq

128 1527 230 1598 Filum
249 1527 418 1621 scriptionis
429 1524 508 1599 adea
517 1547 657 1619 tempora
666 1522 866 1606 deduximus,
874 1525 946 1616 qui-

79 1625 137 1697 bus
147 1623 267 1697 Gotthi
283 1624 462 1698 vastabundi
479 1628 665 1719 irruptiones
682 1624 821 1697 fecerunt
838 1627 870 1694 in
881 1632 946 1697 lta·

80 1724 174 1806 liam,
191 1727 330 1817 artesque
346 1725 481 1796 liberales
498 1727 530 1799 in
547 1727 674 1796 exilium
683 1727 833 1795 abierunt.
857 1726 947 1794 Gens

62 1845 64 1849 ’
83 1821 337 1902 ῐεταὸιὺατδπα,
355 1824 486 1893 literis&
503 1823 691 1893 humanitati
702 1824 847 1899 inimica,
869 1819 947 1892 adeo

83 1940 121 1990 ut
158 1917 387 1991 Amalosuntha
421 1919 614 1990 Theudorici
638 1915 844 1991 Gotthorum
858 1918 951 2013 Regis

85 2016 168 2099 filia,
182 2019 254 2110 quia
270 2016 381 2087 filium·
391 2015 604 2087 Athalaricum
622 2015 950 2088 literasdocerivolue.

83 2136 146 2196 rat,
168 2117 319 2211 primores
336 2111 540 2204 Gotthorum
560 2110 761 2204 offenderit„
774 2115 831 2208 qui
845 2115 950 2193 virum

83 2214 199 2291 sortem
208 2222 241 2285 &
251 2214 449 2295 bellicosum,
464 2236 530 2283 non
538 2215 617 2287 iuter
625 2218 721 2286 literas
729 2216 871 2288 sed-arma
880 2239 951 2287 ver·

85 2312 258 2388 saridehere
266 2316 423 2409 putabant.
447 2313 751 2416 Proctp.Gortlr.lt'b.
766 2340 794 2388 t.
822 2316 953 2390 Gloria·

87 2433 250 2488 turtamen
260 2410 361 2484 dehac
372 2432 463 2508 gente
473 2415 574 2484 Olaus
584 2414 778 2511 Magnuslr'b.
795 2425 952 2514 1.cap.36.

85 2512 182 2608 quod
190 2511 244 2584 diu
253 2533 323 2585 ante
331 2513 570 2585 inventarliteras
577 2516 701 2598 latinas,
719 2516 785 2585 suas
796 2515 952 2602 habuerit,

89 2615 205 2705 quibus
217 2614 248 2701 in
259 2614 407 2684 arborum
416 2613 596 2698 corticibus,
614 2615 647 2719 in
656 2615 744 2708 lignis
760 2619 792 2684 δι
803 2611 954 2709 lapidibus

74 2735 193 2797 ¹rerum
205 2708 652 2785 monumentaconservarunt:
669 2709 953 2804 quodaliiexipfit,

90 2807 187 2880 inslar
201 2812 647 2909 AEgyptiorum‚animalium
667 2807 793 2906 figuris,
812 2809 957 2893 aliinotis

91 2906 140 2979 ufi
152 2905 287 2978 suerint:
307 2911 354 2979 vel
362 2910 516 2980 cantilenis
524 2907 710 3004 rhythmicis
718 2930 820 2984 rerum
833 2932 957 2985 memo.

90 3007 169 3077 riam
188 3003 226 3086 ad
246 3005 384 3100 posteros
399 3007 625 3079 transmiserint.
660 3007 775 3097 Litcras
789 3005 882 3101 ipsas,
903 3004 958 3097 sua

75 3105 220 3212 lingui,
247 3109 413 3189 RUNAS
429 3105 640 3205 appellabunt,
662 3104 795 3207 quoium
809 3110 895 3184 'notae
902 3136 958 3184 ex,

515 3208 533 3283 ¹
561 3226 576 3303 5
843 3205 957 3314 tuso
